@article{rouder_bayesian_inpress,
	location = {London, {UK}},
	title = {Bayesian Hierarchical Models},
	volume = {1},
	url = {http://pcl.missouri.edu/sites/default/files/p5_0.pdf},
	booktitle = {New Handbook of Mathematical Psychology},
	publisher = {Cambridge University Press},
	author = {Rouder, Jeffrey N. and Morey, Richard D. and Pratte, Michael S.},
	editor = {Batchelder, William H. and Colonius, Hans and Dzhafarov, Ehtibar N. and Myung, Jay},
	urldate = {2016-05-13},
	year = {in press},
	file = {p5_0.pdf:/home/mariusb/.zotero/zotero/plr6zo76.default/zotero/storage/34G66P23/p5_0.html:text/html}
}

@article{carpenter_stan_inpress,
  title = {Stan: {{A Probabilistic Programming Language}}},
  url = {http://www.stat.columbia.edu/~gelman/research/unpublished/stan-resubmit-JSS1293.pdf},
  shorttitle = {Stan},
  timestamp = {2016-09-15T08:36:22Z},
  journaltitle = {Journal of Statistical Software},
  author = {Carpenter, Bob and Gelman, Andrew and Hoffman, Matt and Lee, Daniel and Goodrich, Ben and Betancourt, Michael and Brubaker, Marcus A. and Guo, Jiqiang and Li, Peter and Riddell, Allen},
  urldate = {2016-09-12},
  year = {in press}
}

@book{lee_bayesian_2013,
  title={Bayesian Modeling for Cognitive Science: A Practical Course},
  author={Lee, Michael D. and Wagenmakers, Eric-Jan},
  year={2013},
  publisher={Cambridge University Press},
  location = {London, {UK}}
}

@incollection{destrebecqz_temporal_2003_doi,
  location = {{Amsterdam,  Netherlands}},
  title = {Temporal Effects in Sequence Learning},
  rights = {(c) 2012 APA, all rights reserved},
  doi = {10.1075/aicr.48.11des},
  timestamp = {2014-11-03T09:19:44Z},
  booktitle = {Attention and Implicit Learning},
  series = {Advances in Consciousness Research, vol. 48.},
  publisher = {{John Benjamins Publishing Company}},
  author = {Destrebecqz, Arnaud and Cleeremans, Axel},
  date = {2003},
  pages = {181--213},
}
