@Manual{R-afex,
  title = {afex: Analysis of Factorial Experiments},
  author = {Henrik Singmann and Ben Bolker and Jake Westfall and Frederik Aust},
  year = {2016},
  note = {R package version 0.16-1},
  url = {https://CRAN.R-project.org/package=afex},
}
@Manual{R-base,
  title = {R: A Language and Environment for Statistical Computing},
  author = {{R Core Team}},
  organization = {R Foundation for Statistical Computing},
  address = {Vienna, Austria},
  year = {2016},
  url = {https://www.R-project.org/},
}
@Manual{R-BayesFactor,
  title = {BayesFactor: Computation of Bayes Factors for Common Designs},
  author = {Richard D. Morey and Jeffrey N. Rouder},
  year = {2015},
  note = {R package version 0.9.12-2},
  url = {https://CRAN.R-project.org/package=BayesFactor},
}
@Article{R-coda,
  title = {CODA: Convergence Diagnosis and Output Analysis for MCMC},
  author = {Martyn Plummer and Nicky Best and Kate Cowles and Karen Vines},
  journal = {R News},
  year = {2006},
  volume = {6},
  number = {1},
  pages = {7--11},
  url = {http://CRAN.R-project.org/doc/Rnews/},
  pdf = {http://CRAN.R-project.org/doc/Rnews/Rnews_2006-1.pdf},
}
@Manual{R-estimability,
  title = {estimability: Tools for Assessing Estimability of Linear Predictions},
  author = {Russell V. Lenth},
  year = {2015},
  note = {R package version 1.1-1},
  url = {https://CRAN.R-project.org/package=estimability},
}
@Book{R-ggplot2,
  author = {Hadley Wickham},
  title = {ggplot2: Elegant Graphics for Data Analysis},
  publisher = {Springer-Verlag New York},
  year = {2009},
  isbn = {978-0-387-98140-6},
  url = {http://ggplot2.org},
}
@Article{R-lme4,
  title = {Fitting Linear Mixed-Effects Models Using {lme4}},
  author = {Douglas Bates and Martin M{\"a}chler and Ben Bolker and Steve Walker},
  journal = {Journal of Statistical Software},
  year = {2015},
  volume = {67},
  number = {1},
  pages = {1--48},
  doi = {10.18637/jss.v067.i01},
}
@Article{R-lsmeans,
  title = {Least-Squares Means: The {R} Package {lsmeans}},
  author = {Russell V. Lenth},
  journal = {Journal of Statistical Software},
  year = {2016},
  volume = {69},
  number = {1},
  pages = {1--33},
  doi = {10.18637/jss.v069.i01},
}
@Manual{R-Matrix,
  title = {Matrix: Sparse and Dense Matrix Classes and Methods},
  author = {Douglas Bates and Martin Maechler},
  year = {2016},
  note = {R package version 1.2-7.1},
  url = {https://CRAN.R-project.org/package=Matrix},
}
@Manual{R-papaja,
  author = {Frederik Aust and Marius Barth},
  title = {papaja: Create APA manuscripts with RMarkdown},
  year = {2016},
  note = {R package version 0.1.0.9440},
  url = {https://github.com/crsh/papaja},
}
@Article{R-reshape2,
  title = {Reshaping Data with the {reshape} Package},
  author = {Hadley Wickham},
  journal = {Journal of Statistical Software},
  year = {2007},
  volume = {21},
  number = {12},
  pages = {1--20},
  url = {http://www.jstatsoft.org/v21/i12/},
}
@Article{R-rstan_a,
  title = {The No-U-Turn Sampler: Adaptively Setting Path Lengths in Hamiltonian Monte Carlo},
  author = {Matthew  D. Hoffman and Andrew Gelman},
  year = {2014},
  journal = {Journal of Machine Learning Research},
}
@Article{R-rstan_b,
  title = {Stan: A Probabilistic Programming Language},
  author = {Bob Carpenter},
  year = {2015},
  journal = {Journal of Statistical Software},
}
@Article{R-StanHeaders,
  title = {The Stan Math Library: Reverse-Mode Automatic Differentiation in C++},
  author = {Bob Carpenter},
  year = {2016},
  journal = {arXiv[1509.07164]},
  url = {http://arxiv.org/abs/1509.07164},
}
